@software{AdfreiburgLoom2024,
  title = {Ad-Freiburg/Loom},
  date = {2024-06-25T12:47:56Z},
  origdate = {2022-03-03T14:18:21Z},
  url = {https://github.com/ad-freiburg/loom},
  urldate = {2024-06-26},
  organization = {University of Freiburg: Algorithms and Data Structures Group}
}

@article{ahmadMissingLinkPrediction2020,
  title = {Missing {{Link Prediction}} Using {{Common Neighbor}} and {{Centrality}} Based {{Parameterized Algorithm}}},
  author = {Ahmad, Iftikhar and Akhtar, Muhammad Usman and Noor, Salma and Shahnaz, Ambreen},
  date = {2020-01-15},
  journaltitle = {Sci Rep},
  volume = {10},
  number = {1},
  pages = {364},
  issn = {2045-2322},
  doi = {10.1038/s41598-019-57304-y},
  url = {https://www.nature.com/articles/s41598-019-57304-y},
  urldate = {2024-03-04},
  langid = {english},
  file = {C:\Users\Ben\Zotero\storage\XKJR8TIU\Ahmad et al. - 2020 - Missing Link Prediction using Common Neighbor and .pdf}
}

@article{albertStatisticalMechanicsComplex2002,
  title = {Statistical Mechanics of Complex Networks},
  author = {Albert, Réka and Barabási, Albert-László},
  date = {2002-01-30},
  journaltitle = {Rev. Mod. Phys.},
  volume = {74},
  number = {1},
  pages = {47--97},
  issn = {0034-6861, 1539-0756},
  doi = {10.1103/RevModPhys.74.47},
  url = {https://link.aps.org/doi/10.1103/RevModPhys.74.47},
  urldate = {2024-03-03},
  langid = {english},
  file = {C:\Users\Ben\Zotero\storage\NUA55FWZ\Albert and Barabási - 2002 - Statistical mechanics of complex networks.pdf}
}

@article{allsopTransportNetworksTheir2008,
  title = {Transport Networks and Their Use: How Real Can Modelling Get?},
  shorttitle = {Transport Networks and Their Use},
  author = {Allsop, Richard E},
  date = {2008-06-13},
  journaltitle = {Phil. Trans. R. Soc. A.},
  volume = {366},
  number = {1872},
  pages = {1879--1892},
  issn = {1364-503X, 1471-2962},
  doi = {10.1098/rsta.2008.0013},
  url = {https://royalsocietypublishing.org/doi/10.1098/rsta.2008.0013},
  urldate = {2024-02-29},
  langid = {english},
  file = {C:\Users\Ben\Zotero\storage\V5N5HDYM\Allsop - 2008 - Transport networks and their use how real can mod.pdf}
}

@online{andymcfaddenDesigningFileFormats2005,
  title = {Designing {{File Formats}}},
  author = {{Andy McFadden}},
  date = {2005},
  url = {https://fadden.com/tech/file-formats.html},
  urldate = {2024-06-21},
  organization = {Fadden},
  file = {C:\Users\Ben\Zotero\storage\KHLB9FCY\file-formats.html}
}

@software{ApacheArrow2024,
  title = {Apache/Arrow},
  date = {2024-06-21T06:25:24Z},
  origdate = {2016-02-17T08:00:23Z},
  url = {https://github.com/apache/arrow},
  urldate = {2024-06-21},
  organization = {The Apache Software Foundation},
  keywords = {arrow}
}

@software{ApacheArrowrs2024,
  title = {Apache/Arrow-Rs},
  date = {2024-06-19T13:23:09Z},
  origdate = {2021-04-17T15:40:05Z},
  url = {https://github.com/apache/arrow-rs},
  urldate = {2024-06-20},
  organization = {The Apache Software Foundation}
}

@online{apachesoftwarefoundationParquet2024,
  title = {Parquet},
  author = {{Apache Software Foundation}},
  date = {2024-05-23},
  url = {https://parquet.apache.org/},
  urldate = {2024-06-20},
  langid = {english},
  organization = {Apache Parquet},
  file = {C:\Users\Ben\Zotero\storage\N66WFU3N\parquet.apache.org.html}
}

@online{associationforopendataofpublictransportationPublicTransportationOpen2024,
  title = {Public {{Transportation Open Data Centre Developer Site}}},
  author = {{Association for Open Data of Public Transportation}},
  date = {2024},
  url = {https://developer.odpt.org/en/},
  urldate = {2024-06-26},
  file = {C:\Users\Ben\Zotero\storage\WT3CKU6E\en.html}
}

@dataset{australianbureauofstatisticsCensusPopulationHousing2021,
  title = {Census of {{Population}} and {{Housing}}: {{Transport}} Data Summary},
  author = {{Australian Bureau of Statistics}},
  date = {2021},
  file = {C:\Users\Ben\Zotero\storage\L5DP2AU8\Transport data summary - first and second release.xlsx}
}

@report{australianinstituteofhealthandwelfareTransportAccidents2023,
  title = {Transport Accidents},
  author = {{Australian Institute of Health and Welfare}},
  date = {2023},
  institution = {AIHW},
  location = {Canberra},
  url = {https://www.aihw.gov.au/reports/injury/transport-accidents}
}

@online{AustralianTransportAssessment,
  title = {Australian {{Transport Assessment}} and {{Planning}}},
  url = {https://www.atap.gov.au},
  urldate = {2024-03-09},
  langid = {english},
  organization = {Australian Transport Assessment and Planning},
  annotation = {Last Modified: 2021-10-12},
  file = {C:\Users\Ben\Zotero\storage\4LECZXH2\www.atap.gov.au.html}
}

@article{barabasiScaleFreeNetworks2003,
  title = {Scale-{{Free Networks}}},
  author = {Barabási, Albert-László and Bonabeau, Eric},
  date = {2003-05},
  journaltitle = {Sci Am},
  volume = {288},
  number = {5},
  pages = {60--69},
  issn = {0036-8733},
  doi = {10.1038/scientificamerican0503-60},
  url = {https://www.scientificamerican.com/article/scale-free-networks},
  urldate = {2024-03-03}
}

@incollection{bastCarPublicTransport2009,
  title = {Car or {{Public Transport}}—{{Two Worlds}}},
  booktitle = {Efficient {{Algorithms}}},
  author = {Bast, Hannah},
  editor = {Albers, Susanne and Alt, Helmut and Näher, Stefan},
  date = {2009},
  volume = {5760},
  pages = {355--367},
  publisher = {Springer Berlin Heidelberg},
  location = {Berlin, Heidelberg},
  doi = {10.1007/978-3-642-03456-5_24},
  url = {http://link.springer.com/10.1007/978-3-642-03456-5_24},
  urldate = {2024-03-08},
  isbn = {978-3-642-03456-5},
  langid = {english},
  file = {C:\Users\Ben\Zotero\storage\4BB8299Q\Bast - 2009 - Car or Public Transport—Two Worlds.pdf}
}

@inproceedings{bastEfficientGenerationGeographically2018,
  title = {Efficient Generation of Geographically Accurate Transit Maps},
  booktitle = {Proceedings of the 26th {{ACM SIGSPATIAL International Conference}} on {{Advances}} in {{Geographic Information Systems}}},
  author = {Bast, Hannah and Brosi, Patrick and Storandt, Sabine},
  date = {2018-11-06},
  pages = {13--22},
  publisher = {ACM},
  location = {Seattle Washington},
  doi = {10.1145/3274895.3274955},
  url = {https://dl.acm.org/doi/10.1145/3274895.3274955},
  urldate = {2024-06-26},
  eventtitle = {{{SIGSPATIAL}} '18: 26th {{ACM SIGSPATIAL International Conference}} on {{Advances}} in {{Geographic Information Systems}}},
  isbn = {978-1-4503-5889-7},
  langid = {english},
  file = {C:\Users\Ben\Zotero\storage\BTCN39DP\Bast et al. - 2018 - Efficient generation of geographically accurate tr.pdf}
}

@incollection{bastFastRoutingVery2010,
  title = {Fast {{Routing}} in {{Very Large Public Transportation Networks Using Transfer Patterns}}},
  booktitle = {Algorithms – {{ESA}} 2010},
  author = {Bast, Hannah and Carlsson, Erik and Eigenwillig, Arno and Geisberger, Robert and Harrelson, Chris and Raychev, Veselin and Viger, Fabien},
  editor = {De Berg, Mark and Meyer, Ulrich},
  editora = {Hutchison, David and Kanade, Takeo and Kittler, Josef and Kleinberg, Jon M. and Mattern, Friedemann and Mitchell, John C. and Naor, Moni and Nierstrasz, Oscar and Pandu Rangan, C. and Steffen, Bernhard and Sudan, Madhu and Terzopoulos, Demetri and Tygar, Doug and Vardi, Moshe Y. and Weikum, Gerhard},
  editoratype = {redactor},
  date = {2010},
  volume = {6346},
  pages = {290--301},
  publisher = {Springer Berlin Heidelberg},
  location = {Berlin, Heidelberg},
  doi = {10.1007/978-3-642-15775-2_25},
  url = {http://link.springer.com/10.1007/978-3-642-15775-2_25},
  urldate = {2024-03-06},
  isbn = {978-3-642-15775-2},
  langid = {english},
  file = {C:\Users\Ben\Zotero\storage\C6Z9P6K6\Bast et al. - 2010 - Fast Routing in Very Large Public Transportation N.pdf}
}

@incollection{bastFlowBasedGuidebookRouting2014,
  title = {Flow-{{Based Guidebook Routing}}},
  booktitle = {2014 {{Proceedings}} of the {{Sixteenth Workshop}} on {{Algorithm Engineering}} and {{Experiments}} ({{ALENEX}})},
  author = {Bast, Hannah and Storandt, Sabine},
  editor = {McGeoch, Catherine C. and Meyer, Ulrich},
  date = {2014-05},
  pages = {155--165},
  publisher = {{Society for Industrial and Applied Mathematics}},
  location = {Philadelphia, PA},
  doi = {10.1137/1.9781611973198.15},
  url = {http://epubs.siam.org/doi/abs/10.1137/1.9781611973198.15},
  urldate = {2024-03-06},
  isbn = {978-1-61197-319-8},
  langid = {english},
  file = {C:\Users\Ben\Zotero\storage\CFEJ9WGX\Bast and Storandt - 2014 - Flow-Based Guidebook Routing.pdf}
}

@inproceedings{bastFrequencybasedSearchPublic2014,
  title = {Frequency-Based Search for Public Transit},
  booktitle = {Proceedings of the 22nd {{ACM SIGSPATIAL International Conference}} on {{Advances}} in {{Geographic Information Systems}}},
  author = {Bast, Hannah and Storandt, Sabine},
  date = {2014-11},
  pages = {13--22},
  publisher = {ACM},
  location = {Dallas Texas},
  doi = {10.1145/2666310.2666405},
  url = {https://dl.acm.org/doi/10.1145/2666310.2666405},
  urldate = {2024-03-06},
  eventtitle = {{{SIGSPATIAL}} '14: 22nd {{SIGSPATIAL International Conference}} on {{Advances}} in {{Geographic Information Systems}}},
  isbn = {978-1-4503-3131-9},
  langid = {english},
  file = {C:\Users\Ben\Zotero\storage\EVUA4PXC\Bast and Storandt - 2014 - Frequency-based search for public transit.pdf}
}

@article{bastMetroMapsOctilinear2020,
  title = {Metro {{Maps}} on {{Octilinear Grid Graphs}}},
  author = {Bast, Hannah and Brosi, Patrick and Storandt, Sabine},
  date = {2020-06},
  journaltitle = {Computer Graphics Forum},
  volume = {39},
  number = {3},
  pages = {357--367},
  issn = {0167-7055, 1467-8659},
  doi = {10.1111/cgf.13986},
  url = {https://onlinelibrary.wiley.com/doi/10.1111/cgf.13986},
  urldate = {2024-06-26},
  langid = {english},
  file = {C:\Users\Ben\Zotero\storage\XSYDABXG\Bast et al. - 2020 - Metro Maps on Octilinear Grid Graphs.pdf}
}

@software{bensutherlandArupHonsGC24Raptorrs2024,
  title = {{{ArupHonsGC24}}/Raptor-Rs},
  author = {{Ben Sutherland}},
  date = {2024-06-19T07:43:35Z},
  origdate = {2024-04-05T06:00:29Z},
  url = {https://github.com/ArupHonsGC24/raptor-rs},
  organization = {Monash University}
}

@software{bensutherlandArupHonsGC24Trainute2024,
  title = {{{ArupHonsGC24}}/Train-Ute},
  author = {{Ben Sutherland}},
  date = {2024-06-19T07:43:11Z},
  origdate = {2024-04-29T02:33:41Z},
  url = {https://github.com/ArupHonsGC24/train-ute},
  organization = {Monash University}
}

@online{bensutherlandVisualisationServicesMelbourne2024,
  title = {Visualisation of {{Services}} on {{Melbourne}}'s {{Train Network}} | {{Train-Ute Rail Utilisation Model Visualisation}}},
  author = {{Ben Sutherland}},
  date = {2024-06-25},
  url = {https://train-vis.onrender.com/},
  urldate = {2024-06-27},
  organization = {Visualisation of Services on Melbourne's Train Network},
  file = {C:\Users\Ben\Zotero\storage\AXKIMB8I\train-vis.onrender.com.html}
}

@inproceedings{bergerAcceleratingTimeDependentMultiCriteria2009,
  title = {Accelerating {{Time-Dependent Multi-Criteria Timetable Information}} Is {{Harder Than Expected}}},
  booktitle = {9th {{Workshop}} on {{Algorithmic Approaches}} for {{Transportation Modeling}}, {{Optimization}}, and {{Systems}} ({{ATMOS}}'09)},
  author = {Berger, Annabell and Delling, Daniel and Gebhardt, Andreas and Müller-Hannemann, Matthias},
  editor = {Clausen, Jens and Di Stefano, Gabriele},
  date = {2009},
  series = {Open {{Access Series}} in {{Informatics}} ({{OASIcs}})},
  volume = {12},
  pages = {1--21},
  publisher = {Schloss Dagstuhl – Leibniz-Zentrum für Informatik},
  location = {Dagstuhl, Germany},
  issn = {2190-6807},
  doi = {10.4230/OASIcs.ATMOS.2009.2148},
  url = {https://drops-dev.dagstuhl.de/entities/document/10.4230/OASIcs.ATMOS.2009.2148},
  isbn = {978-3-939897-11-8},
  file = {C:\Users\Ben\Zotero\storage\33SXCAMC\Berger et al. - 2009 - Accelerating Time-Dependent Multi-Criteria Timetab.pdf}
}

@article{bergerStochasticDelayPrediction2011,
  title = {Stochastic {{Delay Prediction}} in {{Large Train Networks}}},
  author = {Berger, Annabell and Gebhardt, Andreas and Müller-Hannemann, Matthias and Ostrowski, Martin},
  namea = {Caprara, Alberto and Kontogiannis, Spyros},
  nameatype = {collaborator},
  date = {2011},
  publisher = {[object Object]},
  issn = {2190-6807},
  doi = {10.4230/OASICS.ATMOS.2011.100},
  url = {https://drops.dagstuhl.de/entities/document/10.4230/OASIcs.ATMOS.2011.100},
  urldate = {2024-03-07},
  isbn = {9783939897330},
  langid = {english},
  keywords = {delay management,stability analysis,stochastic delay propagation,timetable information,train disposition},
  file = {C:\Users\Ben\Zotero\storage\SKJ9DJBU\Berger et al. - 2011 - Stochastic Delay Prediction in Large Train Network.pdf}
}

@thesis{bicudoConvergenceEquilibriumAgentbased2020,
  title = {Convergence towards Equilibrium in an Agent-Based Transport Simulation},
  author = {Bicudo, D Guggisberg},
  date = {2020-01},
  institution = {Federal Institute of Technology Zurich},
  langid = {english},
  file = {C:\Users\Ben\Zotero\storage\3R26LRDR\Bicudo - Convergence towards equilibrium in an agent-based .pdf}
}

@thesis{bingmannVisualizationVeryLarge2006,
  title = {Visualization of very large graphs},
  author = {Bingmann, Timo},
  date = {2006-02},
  institution = {Institute for Theoretical Computer Science},
  url = {https://panthema.net/2006/Studienarbeit/studienarbeit-visualisierung-sehr-grosser-graphen.pdf},
  langid = {german},
  file = {C\:\\Users\\Ben\\Zotero\\storage\\ASVBWG2Q\\studienarbeit-visualisierung-sehr-grosser-graphen.pdf;C\:\\Users\\Ben\\Zotero\\storage\\Q7428TVA\\Translated.pdf}
}

@software{bnum,
  title = {Bnum: {{Arbitrary}}, Fixed Size Numeric Types That Extend the Functionality of Primitive Numeric Types.},
  author = {{Isaac Holt}},
  date = {2024-06},
  url = {https://github.com/isaacholt100/bnum},
  keywords = {arbitrary,bignum,int,maths,uint}
}

@book{boccaraModelingComplexSystems2010,
  title = {Modeling {{Complex Systems}}},
  author = {Boccara, Nino},
  date = {2010},
  series = {Graduate {{Texts}} in {{Physics}}},
  publisher = {Springer New York},
  location = {New York, NY},
  doi = {10.1007/978-1-4419-6562-2},
  url = {https://link.springer.com/10.1007/978-1-4419-6562-2},
  urldate = {2024-03-12},
  isbn = {978-1-4419-6561-5 978-1-4419-6562-2},
  langid = {english},
  file = {C:\Users\Ben\Zotero\storage\6R9KA49L\Boccara - 2010 - Modeling Complex Systems.pdf}
}

@article{boumanCapacityInformationMinority2016,
  title = {Capacity, Information and Minority Games in Public Transport},
  author = {Bouman, P.C. and Kroon, Leo and Vervest, Peter and Maróti, Gábor},
  date = {2016-09},
  journaltitle = {Transportation Research Part C: Emerging Technologies},
  volume = {70},
  pages = {157--170},
  issn = {0968090X},
  doi = {10.1016/j.trc.2016.05.007},
  url = {https://linkinghub.elsevier.com/retrieve/pii/S0968090X16300444},
  urldate = {2024-03-13},
  langid = {english},
  file = {C:\Users\Ben\Zotero\storage\7MBGR2NA\Bouman et al. - 2016 - Capacity, information and minority games in public.pdf}
}

@thesis{boumanPassengersCrowdingComplexity2017,
  title = {Passengers, {{Crowding}} and {{Complexity}}: {{Models}} for Passenger Oriented Public Transport},
  author = {Bouman, Paul},
  date = {2017},
  institution = {Erasmus University Rotterdam},
  file = {C:\Users\Ben\Zotero\storage\Q8ZHNF2C\Bouman - 2017 - Passengers, Crowding and Complexity.pdf}
}

@article{boumanRecognizingDemandPatterns,
  title = {Recognizing {{Demand Patterns}} from {{Smart Card Data}} for {{Agent-Based Micro-simulation}} of {{Public Transport}}},
  author = {Bouman, Paul and Lovric, Milan and Li, Ting},
  langid = {english},
  file = {C:\Users\Ben\Zotero\storage\MZMM6KA9\Bouman et al. - Recognizing Demand Patterns from Smart Card Data f.pdf}
}

@article{bushSuburbanRailLoop,
  title = {Suburban {{Rail Loop}}},
  author = {Bush, Joanne},
  langid = {english},
  file = {C:\Users\Ben\Zotero\storage\DIPA4BMZ\Bush - Suburban Rail Loop.pdf}
}

@article{caroDataStructuresTemporal2015,
  title = {Data Structures for Temporal Graphs Based on Compact Sequence Representations},
  author = {Caro, Diego and Andrea Rodríguez, M. and Brisaboa, Nieves R.},
  date = {2015-07},
  journaltitle = {Information Systems},
  volume = {51},
  pages = {1--26},
  issn = {03064379},
  doi = {10.1016/j.is.2015.02.002},
  url = {https://linkinghub.elsevier.com/retrieve/pii/S0306437915000253},
  urldate = {2024-03-01},
  langid = {english},
  file = {C:\Users\Ben\Zotero\storage\NCKF2E6Y\Caro et al. - 2015 - Data structures for temporal graphs based on compa.pdf}
}

@article{cederUrbanMobilityPublic2021,
  title = {Urban Mobility and Public Transport: Future Perspectives and Review},
  shorttitle = {Urban Mobility and Public Transport},
  author = {Ceder, Avishai},
  date = {2021-10-02},
  journaltitle = {International Journal of Urban Sciences},
  volume = {25},
  number = {4},
  pages = {455--479},
  issn = {1226-5934, 2161-6779},
  doi = {10.1080/12265934.2020.1799846},
  url = {https://www.tandfonline.com/doi/full/10.1080/12265934.2020.1799846},
  urldate = {2024-03-14},
  langid = {english},
  file = {C:\Users\Ben\Zotero\storage\7L2TKTE5\Ceder - 2021 - Urban mobility and public transport future perspe.pdf}
}

@article{cortesMicrosimulationFlexibleTransit2005,
  title = {Microsimulation of {{Flexible Transit System Designs}} in {{Realistic Urban Networks}}},
  author = {Cortés, Cristián E. and Pagès, Laia and Jayakrishnan, R.},
  date = {2005-01},
  journaltitle = {Transportation Research Record},
  volume = {1923},
  number = {1},
  pages = {153--163},
  issn = {0361-1981, 2169-4052},
  doi = {10.1177/0361198105192300117},
  url = {http://journals.sagepub.com/doi/10.1177/0361198105192300117},
  urldate = {2024-03-14},
  langid = {english},
  file = {C:\Users\Ben\Zotero\storage\TRN834ZM\Cortés et al. - 2005 - Microsimulation of Flexible Transit System Designs.pdf}
}

@inproceedings{currieAlarmingTrendsGrowth2018,
  title = {Alarming {{Trends}} in the {{Growth}} of {{Forced Car Ownership}} in {{Melbourne}}},
  author = {Currie, Graham and Delbosc, Alexa and Pavkova, Katerina},
  date = {2018},
  location = {Darwin, Australia},
  eventtitle = {40th {{Australasian Transport Research Forum}}},
  langid = {english},
  file = {C:\Users\Ben\Zotero\storage\DULPETLH\Currie et al. - 2018 - Alarming Trends in the Growth of Forced Car Owners.pdf}
}

@article{currieEvidencePostCOVIDChange2021,
  title = {Evidence of a Post-{{COVID}} Change in Travel Behaviour – {{Self-reported}} Expectations of Commuting in {{Melbourne}}},
  author = {Currie, Graham and Jain, Taru and Aston, Laura},
  date = {2021-11},
  journaltitle = {Transportation Research Part A: Policy and Practice},
  volume = {153},
  pages = {218--234},
  issn = {09658564},
  doi = {10.1016/j.tra.2021.09.009},
  url = {https://linkinghub.elsevier.com/retrieve/pii/S0965856421002391},
  urldate = {2024-02-08},
  langid = {english},
  keywords = {katie-read},
  file = {C:\Users\Ben\Zotero\storage\VQ87RTGY\Currie et al. - 2021 - Evidence of a post-COVID change in travel behaviou.pdf}
}

@online{D3ObservableJavaScript2024,
  title = {D3 by {{Observable}} | {{The JavaScript}} Library for Bespoke Data Visualization},
  date = {2024},
  url = {https://d3js.org/},
  urldate = {2024-03-13},
  file = {C:\Users\Ben\Zotero\storage\RHA9ZDX5\d3js.org.html}
}

@incollection{dellingEngineeringRoutePlanning2009,
  title = {Engineering {{Route Planning Algorithms}}},
  booktitle = {Algorithmics of {{Large}} and {{Complex Networks}}},
  author = {Delling, Daniel and Sanders, Peter and Schultes, Dominik and Wagner, Dorothea},
  editor = {Lerner, Jürgen and Wagner, Dorothea and Zweig, Katharina A.},
  date = {2009},
  volume = {5515},
  pages = {117--139},
  publisher = {Springer Berlin Heidelberg},
  location = {Berlin, Heidelberg},
  doi = {10.1007/978-3-642-02094-0_7},
  url = {http://link.springer.com/10.1007/978-3-642-02094-0_7},
  urldate = {2024-03-08},
  isbn = {978-3-642-02094-0},
  langid = {english},
  file = {C:\Users\Ben\Zotero\storage\3YY2FP4A\Delling et al. - 2009 - Engineering Route Planning Algorithms.pdf}
}

@article{dellingFasterTransitRouting2017,
  title = {Faster {{Transit Routing}} by {{Hyper Partitioning}}},
  author = {Delling, Daniel and Dibbelt, Julian and Pajor, Thomas and Zündorf, Tobias},
  namea = {D'Angelo, Gianlorenzo and Dollevoet, Twan},
  nameatype = {collaborator},
  date = {2017},
  pages = {8:1-8:14},
  publisher = {[object Object]},
  issn = {2190-6807},
  doi = {10.4230/OASICS.ATMOS.2017.8},
  url = {https://drops.dagstuhl.de/entities/document/10.4230/OASIcs.ATMOS.2017.8},
  urldate = {2024-03-08},
  isbn = {9783959770422},
  langid = {english},
  keywords = {partitioning,public transport,Routing,speed-up techniques},
  file = {C:\Users\Ben\Zotero\storage\J6WUQJHM\Delling et al. - 2017 - Faster Transit Routing by Hyper Partitioning.pdf}
}

@article{dellingParallelComputationBest2012,
  title = {Parallel Computation of Best Connections in Public Transportation Networks},
  author = {Delling, Daniel and Katz, Bastian and Pajor, Thomas},
  date = {2012-07},
  journaltitle = {ACM J. Exp. Algorithmics},
  volume = {17},
  issn = {1084-6654, 1084-6654},
  doi = {10.1145/2133803.2345678},
  url = {https://dl.acm.org/doi/10.1145/2133803.2345678},
  urldate = {2024-03-06},
  langid = {english},
  file = {C:\Users\Ben\Zotero\storage\ZC3NF2QE\Delling et al. - 2012 - Parallel computation of best connections in public.pdf}
}

@inproceedings{dellingRoundBasedPublicTransit2012,
  title = {Round-{{Based Public Transit Routing}}},
  author = {Delling, Daniel and Pajor, Thomas and Werneck, Renato F},
  date = {2012},
  publisher = {Microsoft Research Silicon Valley},
  langid = {english},
  file = {C:\Users\Ben\Zotero\storage\2PH4J88I\Delling et al. - Round-Based Public Transit Routing.pdf}
}

@article{delserBioinspiredComputationalIntelligence2020,
  title = {Bioinspired {{Computational Intelligence}} and {{Transportation Systems}}: {{A Long Road Ahead}}},
  shorttitle = {Bioinspired {{Computational Intelligence}} and {{Transportation Systems}}},
  author = {Del Ser, Javier and Osaba, Eneko and Sanchez-Medina, Javier J. and Fister, Iztok and Fister, Iztok},
  date = {2020-02},
  journaltitle = {IEEE Trans. Intell. Transport. Syst.},
  volume = {21},
  number = {2},
  pages = {466--495},
  issn = {1524-9050, 1558-0016},
  doi = {10.1109/TITS.2019.2897377},
  url = {https://ieeexplore.ieee.org/document/8661647/},
  urldate = {2024-03-06},
  langid = {english},
  file = {C:\Users\Ben\Zotero\storage\HYERDYRU\Del Ser et al. - 2020 - Bioinspired Computational Intelligence and Transpo.pdf}
}

@incollection{demetrescuParallelShortestPath2009,
  title = {Parallel {{Shortest Path Algorithms}} for {{Solving Large-Scale Instances}}},
  booktitle = {The {{Shortest Path Problem}}},
  editor = {Demetrescu, Camil and Goldberg, Andrew and Johnson, David},
  date = {2009-07-28},
  series = {{{DIMACS Series}} in {{Discrete Mathematics}} and {{Theoretical Computer Science}}},
  volume = {74},
  publisher = {American Mathematical Society},
  location = {Rhode Island Providence},
  doi = {10.1090/dimacs/074},
  url = {http://www.ams.org/dimacs/074},
  urldate = {2024-03-08},
  isbn = {978-1-4704-1778-9},
  langid = {english},
  file = {C:\Users\Ben\Zotero\storage\TM54ZQGL\Demetrescu et al. - 2009 - The Shortest Path Problem.pdf}
}

@article{depalmaEconomicsCrowdingRail2017,
  title = {The Economics of Crowding in Rail Transit},
  author = {De Palma, André and Lindsey, Robin and Monchambert, Guillaume},
  date = {2017-09},
  journaltitle = {Journal of Urban Economics},
  volume = {101},
  pages = {106--122},
  issn = {00941190},
  doi = {10.1016/j.jue.2017.06.003},
  url = {https://linkinghub.elsevier.com/retrieve/pii/S0094119017300566},
  urldate = {2024-06-23},
  langid = {english},
  file = {C:\Users\Ben\Zotero\storage\7J84YN9W\De Palma et al. - 2017 - The economics of crowding in rail transit.pdf}
}

@incollection{dibbeltIntriguinglySimpleFast2013,
  title = {Intriguingly {{Simple}} and {{Fast Transit Routing}}},
  booktitle = {Experimental {{Algorithms}}},
  author = {Dibbelt, Julian and Pajor, Thomas and Strasser, Ben and Wagner, Dorothea},
  editor = {Bonifaci, Vincenzo and Demetrescu, Camil and Marchetti-Spaccamela, Alberto},
  editora = {Hutchison, David and Kanade, Takeo and Kittler, Josef and Kleinberg, Jon M. and Mattern, Friedemann and Mitchell, John C. and Naor, Moni and Nierstrasz, Oscar and Pandu Rangan, C. and Steffen, Bernhard and Sudan, Madhu and Terzopoulos, Demetri and Tygar, Doug and Vardi, Moshe Y. and Weikum, Gerhard},
  editoratype = {redactor},
  date = {2013},
  volume = {7933},
  pages = {43--54},
  publisher = {Springer Berlin Heidelberg},
  location = {Berlin, Heidelberg},
  doi = {10.1007/978-3-642-38527-8_6},
  url = {http://link.springer.com/10.1007/978-3-642-38527-8_6},
  urldate = {2024-03-06},
  isbn = {978-3-642-38527-8},
  langid = {english},
  file = {C:\Users\Ben\Zotero\storage\GT3YENRL\Dibbelt et al. - 2013 - Intriguingly Simple and Fast Transit Routing.pdf}
}

@article{dijkstraNoteTwoProblems1959,
  title = {A Note on Two Problems in Connexion with Graphs},
  author = {Dijkstra, E. W.},
  date = {1959-12},
  journaltitle = {Numer. Math.},
  volume = {1},
  number = {1},
  pages = {269--271},
  issn = {0029-599X, 0945-3245},
  doi = {10.1007/BF01386390},
  url = {http://link.springer.com/10.1007/BF01386390},
  urldate = {2024-03-07},
  langid = {english},
  file = {C:\Users\Ben\Zotero\storage\FGWHRPKH\Dijkstra - A note on two problems in connexion with graphs.pdf}
}

@article{douglasModellingAbilityFare2011,
  title = {Modelling the Ability of Fare to Spread {{AM}} Peak Passenger Loads Using Rooftops},
  author = {Douglas, Neil J and Henn, Liesel and Sloan, Keith},
  date = {2011},
  langid = {english},
  file = {C:\Users\Ben\Zotero\storage\6QIU56WV\Douglas et al. - 2011 - Modelling the ability of fare to spread AM peak pa.pdf}
}

@article{drabickiShouldStayShould2023,
  title = {Should {{I}} Stay or Should {{I}} Board? {{Willingness}} to Wait with Real-Time Crowding Information in Urban Public Transport},
  shorttitle = {Should {{I}} Stay or Should {{I}} Board?},
  author = {Drabicki, Arkadiusz and Cats, Oded and Kucharski, Rafał and Fonzone, Achille and Szarata, Andrzej},
  date = {2023-03},
  journaltitle = {Research in Transportation Business \& Management},
  volume = {47},
  pages = {100963},
  issn = {22105395},
  doi = {10.1016/j.rtbm.2023.100963},
  url = {https://linkinghub.elsevier.com/retrieve/pii/S2210539523000196},
  urldate = {2024-04-15},
  langid = {english},
  file = {C:\Users\Ben\Zotero\storage\GT8C9KK8\Drabicki et al. - 2023 - Should I stay or should I board Willingness to wa.pdf}
}

@article{duff-riddellNetworkModelingApproach2005,
  title = {Network {{Modeling Approach}} to {{Transit Network Design}}},
  author = {Duff-Riddell, W. R. and Bester, C. J.},
  date = {2005-06},
  journaltitle = {J. Urban Plann. Dev.},
  volume = {131},
  number = {2},
  pages = {87--97},
  issn = {0733-9488, 1943-5444},
  doi = {10.1061/(ASCE)0733-9488(2005)131:2(87)},
  url = {https://ascelibrary.org/doi/10.1061/%28ASCE%290733-9488%282005%29131%3A2%2887%29},
  urldate = {2024-03-03},
  langid = {english},
  file = {C:\Users\Ben\Zotero\storage\L8ITBURH\Duff-Riddell and Bester - 2005 - Network Modeling Approach to Transit Network Desig.pdf}
}

@article{durantonFundamentalLawRoad2011,
  title = {The {{Fundamental Law}} of {{Road Congestion}}: {{Evidence}} from {{US Cities}}},
  shorttitle = {The {{Fundamental Law}} of {{Road Congestion}}},
  author = {Duranton, Gilles and Turner, Matthew A},
  date = {2011-10-01},
  journaltitle = {American Economic Review},
  volume = {101},
  number = {6},
  pages = {2616--2652},
  issn = {0002-8282},
  doi = {10.1257/aer.101.6.2616},
  url = {https://pubs.aeaweb.org/doi/10.1257/aer.101.6.2616},
  urldate = {2024-03-14},
  langid = {english},
  file = {C:\Users\Ben\Zotero\storage\PZ6X7VT6\Duranton and Turner - 2011 - The Fundamental Law of Road Congestion Evidence f.pdf}
}

@inproceedings{elaurantExploringSystemicBias2017,
  title = {Exploring Systemic Bias in {{Australasian}} Urban Road/Rail Investment},
  author = {Elaurant, Scott and Wang, Baojin and Currie, Professor Graham},
  date = {2017},
  location = {Auckland, New Zealand},
  eventtitle = {39th {{Australasian Transport Research Forum}}},
  langid = {english},
  file = {C:\Users\Ben\Zotero\storage\B2T3E8MA\Elaurant et al. - 2017 - Exploring systemic bias in Australasian urban road.pdf}
}

@artwork{eppsteinRule184Cars2007,
  title = {Rule 184 Cars.Svg},
  author = {Eppstein, David},
  date = {2007-05-05},
  url = {https://en.wikipedia.org/wiki/File:Rule_184_cars.svg},
  urldate = {2024-03-11},
  file = {C:\Users\Ben\Zotero\storage\ZTS3N4VX\Rule_184_cars.svg}
}

@article{frascariaEmergentHypercongestionVickrey2020,
  title = {Emergent Hypercongestion in {{Vickrey}} Bottleneck Networks},
  author = {Frascaria, Dario and Olver, Neil and Verhoef, Erik},
  date = {2020-09},
  journaltitle = {Transportation Research Part B: Methodological},
  volume = {139},
  pages = {523--538},
  doi = {10.1016/j.trb.2020.07.010},
  file = {C:\Users\Ben\Zotero\storage\SY6QPRGD\Fundamental-diagrams-of-traffic-flow.png}
}

@article{graurHermesEnablingEfficient2021,
  title = {Hermes: {{Enabling}} Efficient Large-Scale Simulation in {{MATSim}}},
  shorttitle = {Hermes},
  author = {Graur, Dan and Bruno, Rodrigo and Bischoff, Joschka and Rieser, Marcel and Scherr, Wolfgang and Hoefler, Torsten and Alonso, Gustavo},
  date = {2021},
  journaltitle = {Procedia Computer Science},
  volume = {184},
  pages = {635--641},
  issn = {18770509},
  doi = {10.1016/j.procs.2021.03.079},
  url = {https://linkinghub.elsevier.com/retrieve/pii/S1877050921007158},
  urldate = {2024-03-13},
  langid = {english},
  file = {C:\Users\Ben\Zotero\storage\HCKQFZ8X\Graur et al. - 2021 - Hermes Enabling efficient large-scale simulation .pdf}
}

@dataset{GTFSGTFSFur2024,
  title = {{{GTFS}}.{{DE}} - {{GTFS}} Für {{Deutschland}}},
  date = {2024},
  url = {https://gtfs.de/en/main/},
  urldate = {2024-06-25},
  langid = {english},
  file = {C:\Users\Ben\Zotero\storage\26ZIHQNE\main.html}
}

@inproceedings{hanChronosGraphEngine2014,
  title = {Chronos: A Graph Engine for Temporal Graph Analysis},
  shorttitle = {Chronos},
  booktitle = {Proceedings of the {{Ninth European Conference}} on {{Computer Systems}}},
  author = {Han, Wentao and Miao, Youshan and Li, Kaiwei and Wu, Ming and Yang, Fan and Zhou, Lidong and Prabhakaran, Vijayan and Chen, Wenguang and Chen, Enhong},
  date = {2014-04-14},
  pages = {1--14},
  publisher = {ACM},
  location = {Amsterdam The Netherlands},
  doi = {10.1145/2592798.2592799},
  url = {https://dl.acm.org/doi/10.1145/2592798.2592799},
  urldate = {2024-03-02},
  eventtitle = {{{EuroSys}} 2014: {{Ninth Eurosys Conference}} 2014},
  isbn = {978-1-4503-2704-6},
  langid = {english},
  file = {C:\Users\Ben\Zotero\storage\ANBIUDMD\Han et al. - 2014 - Chronos a graph engine for temporal graph analysi.pdf}
}

@article{hartFormalBasisHeuristic1968,
  title = {A {{Formal Basis}} for the {{Heuristic Determination}} of {{Minimum Cost Paths}}},
  author = {Hart, Peter and Nilsson, Nils and Raphael, Bertram},
  date = {1968},
  journaltitle = {IEEE Trans. Syst. Sci. Cyber.},
  volume = {4},
  number = {2},
  pages = {100--107},
  issn = {0536-1567},
  doi = {10.1109/TSSC.1968.300136},
  url = {http://ieeexplore.ieee.org/document/4082128/},
  urldate = {2024-03-08}
}

@incollection{hayashiRoleRailTransport2011,
  title = {The {{Role}} of {{Rail Transport}} for {{Sustainable Urban Transport}}},
  booktitle = {Transport {{Moving}} to {{Climate Intelligence}}},
  author = {Hayashi, Yoshitsugu and Mai, Xianmin and Kato, Hirokazu},
  editor = {Rothengatter, Werner and Hayashi, Yoshitsugu and Schade, Wolfgang},
  date = {2011},
  pages = {161--174},
  publisher = {Springer New York},
  location = {New York, NY},
  doi = {10.1007/978-1-4419-7643-7_11},
  url = {https://link.springer.com/10.1007/978-1-4419-7643-7_11},
  urldate = {2024-03-14},
  isbn = {978-1-4419-7643-7},
  langid = {english},
  file = {C:\Users\Ben\Zotero\storage\LKAWSIUM\Hayashi et al. - 2011 - The Role of Rail Transport for Sustainable Urban T.pdf}
}

@inproceedings{haznagyComplexNetworkAnalysis2015,
  title = {Complex Network Analysis of Public Transportation Networks: {{A}} Comprehensive Study},
  shorttitle = {Complex Network Analysis of Public Transportation Networks},
  booktitle = {2015 {{International Conference}} on {{Models}} and {{Technologies}} for {{Intelligent Transportation Systems}} ({{MT-ITS}})},
  author = {Haznagy, Andor and Fi, Istvan and London, Andras and Nemeth, Tamas},
  date = {2015-06},
  pages = {371--378},
  publisher = {IEEE},
  location = {Budapest, Hungary},
  doi = {10.1109/MTITS.2015.7223282},
  url = {http://ieeexplore.ieee.org/document/7223282/},
  urldate = {2024-03-03},
  eventtitle = {2015 {{International Conference}} on {{Models}} and {{Technologies}} for {{Intelligent Transportation Systems}} ({{MT-ITS}})},
  isbn = {978-963-313-142-8},
  langid = {english},
  file = {C:\Users\Ben\Zotero\storage\LTLI2E32\Haznagy et al. - 2015 - Complex network analysis of public transportation .pdf}
}

@article{hermanTwoFluidApproachTown1979,
  title = {A {{Two-Fluid Approach}} to {{Town Traffic}}},
  author = {Herman, Robert and Prigogine, Ilya},
  date = {1979-04-13},
  journaltitle = {Science},
  volume = {204},
  number = {4389},
  pages = {148--151},
  issn = {0036-8075, 1095-9203},
  doi = {10.1126/science.204.4389.148},
  url = {https://www.science.org/doi/10.1126/science.204.4389.148},
  urldate = {2024-03-11},
  langid = {english},
  file = {C:\Users\Ben\Zotero\storage\WDZPPMMC\Herman and Prigogine - 1979 - A Two-Fluid Approach to Town Traffic.pdf}
}

@book{horniMultiAgentTransportSimulation2016,
  title = {The {{Multi-Agent Transport Simulation MATSim}}},
  author = {Horni, Andreas and Nagel, Kai and Axhausen, Kay W.},
  date = {2016-08-10},
  publisher = {Ubiquity Press},
  doi = {10.5334/baw},
  url = {http://www.ubiquitypress.com/site/books/10.5334/baw/},
  urldate = {2024-03-05},
  isbn = {978-1-909188-75-4},
  langid = {english},
  file = {C:\Users\Ben\Zotero\storage\L7PLCXFX\Axhausen and ETH Zürich - 2016 - The Multi-Agent Transport Simulation MATSim.pdf}
}

@article{hussainTransitODMatrix2021,
  title = {Transit {{OD}} Matrix Estimation Using Smartcard Data: {{Recent}} Developments and Future Research Challenges},
  shorttitle = {Transit {{OD}} Matrix Estimation Using Smartcard Data},
  author = {Hussain, Etikaf and Bhaskar, Ashish and Chung, Edward},
  date = {2021-04},
  journaltitle = {Transportation Research Part C: Emerging Technologies},
  volume = {125},
  pages = {103044},
  issn = {0968090X},
  doi = {10.1016/j.trc.2021.103044},
  url = {https://linkinghub.elsevier.com/retrieve/pii/S0968090X21000759},
  urldate = {2024-06-19},
  langid = {english},
  file = {C:\Users\Ben\Zotero\storage\FFIV93R2\Hussain et al. - 2021 - Transit OD matrix estimation using smartcard data.pdf}
}

@article{jeonIMPROVEDPUBLICTRANSIT2018,
  title = {{{IMPROVED PUBLIC TRANSIT ROUTING ALGORITHM FOR FINDING THE SHORTEST K-PATH}}},
  author = {Jeon, I. and Nam, H. and Jun, C.},
  date = {2018-10-30},
  journaltitle = {Int. Arch. Photogramm. Remote Sens. Spatial Inf. Sci.},
  volume = {XLII-4/W9},
  pages = {255--264},
  issn = {2194-9034},
  doi = {10.5194/isprs-archives-XLII-4-W9-255-2018},
  url = {https://isprs-archives.copernicus.org/articles/XLII-4-W9/255/2018/},
  urldate = {2024-04-10},
  langid = {english},
  file = {C:\Users\Ben\Zotero\storage\EFKPUTY5\Jeon et al. - 2018 - IMPROVED PUBLIC TRANSIT ROUTING ALGORITHM FOR FIND.pdf}
}

@article{johnsonEfficientAlgorithmsShortest1977,
  title = {Efficient {{Algorithms}} for {{Shortest Paths}} in {{Sparse Networks}}},
  author = {Johnson, Donald B.},
  date = {1977-01},
  journaltitle = {J. ACM},
  volume = {24},
  number = {1},
  pages = {1--13},
  issn = {0004-5411, 1557-735X},
  doi = {10.1145/321992.321993},
  url = {https://dl.acm.org/doi/10.1145/321992.321993},
  urldate = {2024-03-08},
  langid = {english}
}

@article{jungSimulationFrameworkModeling2014,
  title = {Simulation {{Framework}} for {{Modeling Large-Scale Flexible Transit Systems}}},
  author = {Jung, Jaeyoung and Jayakrishnan, R.},
  date = {2014-01},
  journaltitle = {Transportation Research Record},
  volume = {2466},
  number = {1},
  pages = {31--41},
  issn = {0361-1981, 2169-4052},
  doi = {10.3141/2466-04},
  url = {http://journals.sagepub.com/doi/10.3141/2466-04},
  urldate = {2024-02-28},
  langid = {english},
  file = {C:\Users\Ben\Zotero\storage\GVXPBXWW\Jung and Jayakrishnan - 2014 - Simulation Framework for Modeling Large-Scale Flex.pdf}
}

@article{kochDoortodoorTransitAccessibility2020,
  title = {Door-to-Door Transit Accessibility Using {{Pareto}} Optimal Range Queries},
  author = {Koch, Thomas and Knapen, Luk and Dugundji, Elenna},
  date = {2020},
  journaltitle = {Procedia Computer Science},
  volume = {170},
  pages = {107--114},
  issn = {18770509},
  doi = {10.1016/j.procs.2020.03.014},
  url = {https://linkinghub.elsevier.com/retrieve/pii/S1877050920304439},
  urldate = {2024-03-15},
  langid = {english},
  file = {C:\Users\Ben\Zotero\storage\E62TES67\Koch et al. - 2020 - Door-to-door transit accessibility using Pareto op.pdf}
}

@article{kouMultiagentbasedModellingSimulation2020,
  title = {Multi-Agent-Based Modelling and Simulation of High-Speed Train},
  author = {Kou, Li and Fan, Wenhui and Song, Shuang},
  date = {2020-09},
  journaltitle = {Computers \& Electrical Engineering},
  volume = {86},
  pages = {106744},
  issn = {00457906},
  doi = {10.1016/j.compeleceng.2020.106744},
  url = {https://linkinghub.elsevier.com/retrieve/pii/S0045790620305991},
  urldate = {2024-03-13},
  langid = {english},
  file = {C:\Users\Ben\Zotero\storage\JPE3NAZK\Kou et al. - 2020 - Multi-agent-based modelling and simulation of high.pdf}
}

@article{kumarTransitRouteOrigin2019,
  title = {Transit {{Route Origin}}–{{Destination Matrix Estimation}} Using {{Compressed Sensing}}},
  author = {Kumar, Pramesh and Khani, Alireza and Davis, Gary A.},
  date = {2019-10},
  journaltitle = {Transportation Research Record},
  volume = {2673},
  number = {10},
  pages = {164--174},
  issn = {0361-1981, 2169-4052},
  doi = {10.1177/0361198119845896},
  url = {http://journals.sagepub.com/doi/10.1177/0361198119845896},
  urldate = {2024-06-14},
  langid = {english}
}

@software{kuranowskiMKuranowskiTokyoGTFS2023,
  title = {{{MKuranowski}}/{{TokyoGTFS}}},
  author = {Kuranowski, Mikołaj},
  date = {2023-03-02T10:22:31Z},
  origdate = {2021-10-30T20:11:12Z},
  url = {https://github.com/MKuranowski/TokyoGTFS},
  urldate = {2024-06-26}
}

@article{liExploringTemporalHeterogeneity2020,
  title = {Exploring Temporal Heterogeneity in an Intercity Travel Network: {{A}} Comparative Study between Weekdays and Holidays in {{China}}},
  shorttitle = {Exploring Temporal Heterogeneity in an Intercity Travel Network},
  author = {Li, Tao and Wang, Jiaoe and Huang, Jie and Gao, Xingchuan},
  date = {2020-12},
  journaltitle = {J. Geogr. Sci.},
  volume = {30},
  number = {12},
  pages = {1943--1962},
  issn = {1009-637X, 1861-9568},
  doi = {10.1007/s11442-020-1821-9},
  url = {http://link.springer.com/10.1007/s11442-020-1821-9},
  urldate = {2024-02-28},
  langid = {english},
  file = {C:\Users\Ben\Zotero\storage\VTTIVJRG\Li et al. - 2020 - Exploring temporal heterogeneity in an intercity t.pdf}
}

@article{liGeneralizedEfficientAlgorithm2007,
  title = {A Generalized and Efficient Algorithm for Estimating Transit Route {{ODs}} from Passenger Counts},
  author = {Li, Yuwei and Cassidy, Michael J.},
  date = {2007-01},
  journaltitle = {Transportation Research Part B: Methodological},
  volume = {41},
  number = {1},
  pages = {114--125},
  issn = {01912615},
  doi = {10.1016/j.trb.2006.04.001},
  url = {https://linkinghub.elsevier.com/retrieve/pii/S019126150600052X},
  urldate = {2024-06-19},
  langid = {english},
  file = {C:\Users\Ben\Zotero\storage\NAC6X6QC\Li and Cassidy - 2007 - A generalized and efficient algorithm for estimati.pdf}
}

@article{liuUnplannedDisruptionAnalysis2021,
  title = {Unplanned {{Disruption Analysis}} in {{Urban Railway Systems Using Smart Card Data}}},
  author = {Liu, Tianyou and Ma, Zhenliang and Koutsopoulos, Haris N.},
  date = {2021-09},
  journaltitle = {Urban Rail Transit},
  volume = {7},
  number = {3},
  pages = {177--190},
  issn = {2199-6687, 2199-6679},
  doi = {10.1007/s40864-021-00150-x},
  url = {https://link.springer.com/10.1007/s40864-021-00150-x},
  urldate = {2024-03-01},
  langid = {english},
  file = {C:\Users\Ben\Zotero\storage\UECLFCBM\Liu et al. - 2021 - Unplanned Disruption Analysis in Urban Railway Sys.pdf}
}

@article{lovelaceOpenSourceTools2021,
  title = {Open Source Tools for Geographic Analysis in Transport Planning},
  author = {Lovelace, Robin},
  date = {2021-10},
  journaltitle = {J Geogr Syst},
  volume = {23},
  number = {4},
  pages = {547--578},
  issn = {1435-5930, 1435-5949},
  doi = {10.1007/s10109-020-00342-2},
  url = {https://link.springer.com/10.1007/s10109-020-00342-2},
  urldate = {2024-03-26},
  langid = {english},
  file = {C:\Users\Ben\Zotero\storage\BDT24HVL\Lovelace - 2021 - Open source tools for geographic analysis in trans.pdf}
}

@software{MapboxMapboxgljs2024,
  title = {Mapbox/Mapbox-Gl-Js},
  date = {2024-06-27T09:46:19Z},
  origdate = {2013-03-07T14:45:24Z},
  url = {https://github.com/mapbox/mapbox-gl-js},
  urldate = {2024-06-27},
  organization = {Mapbox},
  keywords = {3d,javascript,maps,priority,webgl}
}

@online{MapboxMapsNavigation,
  title = {Mapbox | {{Maps}}, {{Navigation}}, {{Search}}, and {{Data}}},
  year = {\bibstring{nodate}},
  url = {https://www.mapbox.com/},
  urldate = {2024-06-23},
  langid = {english},
  file = {C:\Users\Ben\Zotero\storage\65X9QLPD\www.mapbox.com.html}
}

@article{marcotAdvancesBayesianNetwork2019,
  title = {Advances in {{Bayesian}} Network Modelling: {{Integration}} of Modelling Technologies},
  shorttitle = {Advances in {{Bayesian}} Network Modelling},
  author = {Marcot, Bruce G. and Penman, Trent D.},
  date = {2019-01},
  journaltitle = {Environmental Modelling \& Software},
  volume = {111},
  pages = {386--393},
  issn = {13648152},
  doi = {10.1016/j.envsoft.2018.09.016},
  url = {https://linkinghub.elsevier.com/retrieve/pii/S1364815218302937},
  urldate = {2024-03-06},
  langid = {english},
  file = {C:\Users\Ben\Zotero\storage\W56IGKL3\Marcot and Penman - 2019 - Advances in Bayesian network modelling Integratio.pdf}
}

@article{markiAgentbasedModelContinuous2014,
  title = {Agent-Based Model for Continuous Activity Planning with an Open Planning Horizon},
  author = {Märki, Fabian and Charypar, David and Axhausen, Kay W.},
  date = {2014-07},
  journaltitle = {Transportation},
  volume = {41},
  number = {4},
  pages = {905--922},
  issn = {0049-4488, 1572-9435},
  doi = {10.1007/s11116-014-9512-y},
  url = {http://link.springer.com/10.1007/s11116-014-9512-y},
  urldate = {2024-03-06},
  langid = {english},
  file = {C:\Users\Ben\Zotero\storage\NJQBAP2J\Märki et al. - 2014 - Agent-based model for continuous activity planning.pdf}
}

@online{MATSimOrg,
  title = {{{MATSim}}.Org},
  url = {https://www.matsim.org/},
  urldate = {2024-02-28},
  organization = {MATSim.org},
  file = {C:\Users\Ben\Zotero\storage\4EQW8Y8Q\www.matsim.org.html}
}

@article{mcnallyFourStepModel,
  title = {The {{Four Step Model}}},
  author = {McNally, Michael G},
  langid = {english},
  file = {C:\Users\Ben\Zotero\storage\CCBGJEPJ\McNally - The Four Step Model.pdf}
}

@inproceedings{mcphersonEstimatingPassengerDemand2004,
  title = {Estimating Passenger Demand for Fast Rail Services with the {{Rooftop Model}}},
  author = {McPherson, Craig and Ashley, David},
  date = {2004-10},
  location = {Adelaid},
  file = {C:\Users\Ben\Zotero\storage\X7PS5GF5\2004_McPherson_Ashley.pdf}
}

@article{michailIntroductionTemporalGraphs,
  title = {An {{Introduction}} to {{Temporal Graphs}}: {{An Algorithmic Perspective}}},
  author = {Michail, Othon},
  langid = {english},
  file = {C:\Users\Ben\Zotero\storage\FRVIEP3V\Michail - An Introduction to Temporal Graphs An Algorithmic.pdf}
}

@article{minerCarHarmGlobal2024,
  title = {Car Harm: {{A}} Global Review of Automobility's Harm to People and the Environment},
  shorttitle = {Car Harm},
  author = {Miner, Patrick and Smith, Barbara M. and Jani, Anant and McNeill, Geraldine and Gathorne-Hardy, Alfred},
  date = {2024-02},
  journaltitle = {Journal of Transport Geography},
  volume = {115},
  pages = {103817},
  issn = {09666923},
  doi = {10.1016/j.jtrangeo.2024.103817},
  url = {https://linkinghub.elsevier.com/retrieve/pii/S0966692324000267},
  urldate = {2024-03-14},
  langid = {english},
  file = {C:\Users\Ben\Zotero\storage\MGMYXIF4\Miner et al. - 2024 - Car harm A global review of automobility's harm t.pdf}
}

@online{mobilitydataReferenceGeneralTransit2024,
  title = {Reference - {{General Transit Feed Specification}}},
  author = {{Mobility Data}},
  date = {2024-05-22},
  url = {https://gtfs.org/schedule/reference/},
  urldate = {2024-06-11},
  organization = {General Transit Feed Specification},
  file = {C:\Users\Ben\Zotero\storage\QLLMZCIV\reference.html}
}

@incollection{mohmmandEstimationTransitOD2023,
  title = {Estimation of {{Transit OD Matrix Using Boarding}} and {{Alighting Data}}: {{A Case Study}} of {{Haridwar-Rishikesh Metro Corridor}}},
  shorttitle = {Estimation of {{Transit OD Matrix Using Boarding}} and {{Alighting Data}}},
  booktitle = {Recent {{Trends}} in {{Transportation Infrastructure}}, {{Volume}} 2},
  author = {Mohmmand, Samsoor and Fedujwar, Rupam and Agarwal, Amit},
  editor = {Agarwal, Amit and Velmurugan, S. and Maurya, Akhilesh Kumar},
  date = {2023},
  volume = {347},
  pages = {3--13},
  publisher = {Springer Nature Singapore},
  location = {Singapore},
  doi = {10.1007/978-981-99-2556-8_1},
  url = {https://link.springer.com/10.1007/978-981-99-2556-8_1},
  urldate = {2024-06-14},
  isbn = {978-981-9925-56-8},
  langid = {english},
  file = {C:\Users\Ben\Zotero\storage\M8BUCG3Z\Mohmmand et al. - 2023 - Estimation of Transit OD Matrix Using Boarding and.pdf}
}

@report{moniquer.evansPrimerAgentBasedSimulation2013,
  title = {A {{Primer}} for {{Agent-Based Simulation}} and {{Modeling}} in {{Transportation Applications}}},
  author = {{Monique R. Evans} and {Debra S. Elston}},
  date = {2013},
  url = {https://www.fhwa.dot.gov/publications/research/ear/13054/13054.pdf},
  urldate = {2024-03-12},
  file = {C:\Users\Ben\Zotero\storage\GYA6DLSP\Monique R. Evans and Debra S. Elston - 2013 - A Primer for Agent-Based Simulation and Modeling i.pdf}
}

@incollection{muller-hannemannEfficientTimetableInformation2009,
  title = {Efficient {{Timetable Information}} in the {{Presence}} of {{Delays}}},
  booktitle = {Robust and {{Online Large-Scale Optimization}}},
  author = {Müller-Hannemann, Matthias and Schnee, Mathias},
  editor = {Ahuja, Ravindra K. and Möhring, Rolf H. and Zaroliagis, Christos D.},
  editora = {Hutchison, David and Kanade, Takeo and Kittler, Josef and Kleinberg, Jon M. and Mattern, Friedemann and Mitchell, John C. and Naor, Moni and Nierstrasz, Oscar and Pandu Rangan, C. and Steffen, Bernhard and Sudan, Madhu and Terzopoulos, Demetri and Tygar, Doug and Vardi, Moshe Y. and Weikum, Gerhard},
  editoratype = {redactor},
  date = {2009},
  volume = {5868},
  pages = {249--272},
  publisher = {Springer Berlin Heidelberg},
  location = {Berlin, Heidelberg},
  doi = {10.1007/978-3-642-05465-5_10},
  url = {http://link.springer.com/10.1007/978-3-642-05465-5_10},
  urldate = {2024-03-08},
  isbn = {978-3-642-05464-8 978-3-642-05465-5},
  file = {C:\Users\Ben\Zotero\storage\NT6PQSY7\Müller-Hannemann and Schnee - 2009 - Efficient Timetable Information in the Presence of.pdf}
}

@article{mullerEffectUnexpectedDisruptions2020,
  title = {The Effect of Unexpected Disruptions and Information Times on Public Transport Passengers: A Simulation Study},
  shorttitle = {The Effect of Unexpected Disruptions and Information Times on Public Transport Passengers},
  author = {Müller, Sebastian and Leich, Gregor and Nagel, Kai},
  date = {2020},
  journaltitle = {Procedia Computer Science},
  volume = {170},
  pages = {745--750},
  issn = {18770509},
  doi = {10.1016/j.procs.2020.03.161},
  url = {https://linkinghub.elsevier.com/retrieve/pii/S1877050920306219},
  urldate = {2024-02-27},
  langid = {english},
  file = {C:\Users\Ben\Zotero\storage\59DWBINA\Müller et al. - 2020 - The effect of unexpected disruptions and informati.pdf}
}

@article{mullerEffectUnexpectedDisruptions2020a,
  title = {The Effect of Unexpected Disruptions and Information Times on Public Transport Passengers: A Simulation Study},
  shorttitle = {The Effect of Unexpected Disruptions and Information Times on Public Transport Passengers},
  author = {Müller, Sebastian Alexander and Leich, Gregor and Nagel, Kai},
  date = {2020},
  journaltitle = {Procedia Computer Science},
  volume = {170},
  pages = {745--750},
  issn = {18770509},
  doi = {10.1016/j.procs.2020.03.161},
  url = {https://linkinghub.elsevier.com/retrieve/pii/S1877050920306219},
  urldate = {2024-03-05},
  langid = {english},
  file = {C:\Users\Ben\Zotero\storage\W33D4FMF\Müller et al. - 2020 - The effect of unexpected disruptions and informati.pdf}
}

@online{nicholsColoringColorblindness2020,
  title = {Coloring for {{Colorblindness}}},
  author = {Nichols, David},
  date = {2020},
  url = {http://www.davidmathlogic.com/colorblind/},
  urldate = {2024-06-27},
  langid = {english},
  organization = {David Math Logic},
  file = {C:\Users\Ben\Zotero\storage\AYVPF6J5\colorblind.html}
}

@online{nortonCSAWorkarounds2019,
  title = {{{CSA Workarounds}}},
  author = {Norton, Linus},
  date = {2019-07-01},
  url = {https://ljn.io/posts/CSA-workarounds},
  urldate = {2024-06-26},
  langid = {english},
  organization = {ljn.io}
}

@book{nuzzoloModellingIntelligentMultimodal2017,
  title = {Modelling Intelligent Multi-Modal Transit Systems},
  editor = {Nuzzolo, Agostino and Lam, William H. K.},
  date = {2017},
  publisher = {CRC Press, Taylor \& Francis Group},
  location = {Boca Raton London New York},
  isbn = {978-1-4987-4353-2},
  langid = {english},
  pagetotal = {322},
  file = {C:\Users\Ben\Zotero\storage\LEGICGYV\Nuzzolo and Lam - 2017 - Modelling intelligent multi-modal transit systems.pdf}
}

@software{ObservablehqFramework2024,
  title = {Observablehq/Framework},
  date = {2024-06-23T04:47:16Z},
  origdate = {2023-09-27T21:06:30Z},
  url = {https://github.com/observablehq/framework},
  urldate = {2024-06-23},
  organization = {Observable},
  keywords = {d3,dashboard,framework,markdown,static-site-generator,visualization}
}

@artwork{plukeCPTGraphsdirectedweightedex2Svg2011,
  title = {{{CPT-Graphs-directed-weighted-ex2}}.Svg},
  author = {{Pluke}},
  date = {2011-06-04},
  url = {https://en.wikipedia.org/wiki/File:CPT-Graphs-directed-weighted-ex2.svg},
  urldate = {2024-03-11},
  file = {C:\Users\Ben\Zotero\storage\QRYIHTHZ\CPT-Graphs-directed-weighted-ex2.svg}
}

@article{pokharelModelingCarDependency2023,
  title = {Modeling Car Dependency and Policies towards Sustainable Mobility: {{A}} System Dynamics Approach},
  shorttitle = {Modeling Car Dependency and Policies towards Sustainable Mobility},
  author = {Pokharel, Ramesh and Miller, Eric J. and Chapple, Karen},
  date = {2023-12-01},
  journaltitle = {Transportation Research Part D: Transport and Environment},
  volume = {125},
  pages = {103978},
  issn = {1361-9209},
  doi = {10.1016/j.trd.2023.103978},
  url = {https://www.sciencedirect.com/science/article/pii/S1361920923003759},
  urldate = {2024-03-14},
  keywords = {Car dependency,Public transport competitiveness,Reallocation of resources,System dynamics,Urban transport sustainability},
  file = {C\:\\Users\\Ben\\Zotero\\storage\\QPULQZJN\\Pokharel et al. - 2023 - Modeling car dependency and policies towards susta.pdf;C\:\\Users\\Ben\\Zotero\\storage\\4PGX4KGT\\S1361920923003759.html}
}

@inproceedings{prasadTCSAFastFlexible2016,
  title = {T-{{CSA}}: {{A}} Fast and Flexible {{CSA}} Implementation},
  shorttitle = {T-{{CSA}}},
  booktitle = {2016 8th {{International Conference}} on {{Communication Systems}} and {{Networks}} ({{COMSNETS}})},
  author = {Prasad, Tsrk and Sathyanarayanan, Kartik and Tiwari, Sukriti and Goveas, Neena and Deshpande, Bharat},
  date = {2016},
  pages = {1--6},
  publisher = {IEEE},
  location = {Bangalore, India},
  doi = {10.1109/COMSNETS.2016.7439937},
  url = {http://ieeexplore.ieee.org/document/7439937/},
  urldate = {2024-03-06},
  eventtitle = {2016 8th {{International Conference}} on {{Communication Systems}} and {{Networks}} ({{COMSNETS}})},
  isbn = {978-1-4673-9622-6},
  langid = {english},
  file = {C:\Users\Ben\Zotero\storage\XVDFKSF4\Prasad et al. - 2016 - t-CSA A fast and flexible CSA implementation.pdf}
}

@article{pyrgaEfficientModelsTimetable2008,
  title = {Efficient Models for Timetable Information in Public Transportation Systems},
  author = {Pyrga, Evangelia and Schulz, Frank and Wagner, Dorothea and Zaroliagis, Christos},
  date = {2008-06},
  journaltitle = {ACM J. Exp. Algorithmics},
  volume = {12},
  pages = {1--39},
  issn = {1084-6654, 1084-6654},
  doi = {10.1145/1227161.1227166},
  url = {https://dl.acm.org/doi/10.1145/1227161.1227166},
  urldate = {2024-03-08},
  langid = {english}
}

@article{qinInvestigatingInVehicleCrowding2014,
  title = {Investigating the {{In-Vehicle Crowding Cost Functions}} for {{Public Transit Modes}}},
  author = {Qin, Feifei},
  date = {2014},
  journaltitle = {Mathematical Problems in Engineering},
  volume = {2014},
  pages = {1--13},
  issn = {1024-123X, 1563-5147},
  doi = {10.1155/2014/502708},
  url = {http://www.hindawi.com/journals/mpe/2014/502708/},
  urldate = {2024-06-23},
  langid = {english},
  file = {C:\Users\Ben\Zotero\storage\H7QU3RAH\Qin - 2014 - Investigating the In-Vehicle Crowding Cost Functio.pdf}
}

@online{QuadstoneParamicsTraffic,
  title = {Quadstone {{Paramics}} | {{Traffic}} and {{Pedestrian Simulation}}, {{Analysis}} and {{Design Software}}},
  url = {http://www.paramics-online.com/},
  urldate = {2024-03-11},
  file = {C:\Users\Ben\Zotero\storage\IFNQVA7Q\www.paramics-online.com.html}
}

@software{raasveldtDuckDB2024,
  title = {{{DuckDB}}},
  author = {Raasveldt, Mark and Muehleisen, Hannes},
  date = {2024-06-21T07:34:14Z},
  origdate = {2018-06-26T15:04:45Z},
  url = {https://github.com/duckdb/duckdb},
  urldate = {2024-06-21}
}

@article{ramanRecentResultsSinglesource1997,
  title = {Recent Results on the Single-Source Shortest Paths Problem},
  author = {Raman, Rajeev},
  date = {1997-06},
  journaltitle = {SIGACT News},
  volume = {28},
  number = {2},
  pages = {81--87},
  issn = {0163-5700},
  doi = {10.1145/261342.261352},
  url = {https://dl.acm.org/doi/10.1145/261342.261352},
  urldate = {2024-03-08},
  langid = {english}
}

@online{randallmunroeTrain,
  title = {Train},
  author = {{Randall Munroe}},
  url = {https://xkcd.com/1366/},
  urldate = {2024-04-15},
  organization = {xkcd},
  file = {C:\Users\Ben\Zotero\storage\QPWT5V7E\1366.html}
}

@software{RayonrsRayon2024,
  title = {Rayon-Rs/Rayon},
  date = {2024-06-23T05:37:32Z},
  origdate = {2014-10-02T15:38:05Z},
  url = {https://github.com/rayon-rs/rayon},
  urldate = {2024-06-23},
  organization = {rayon-rs}
}

@artwork{rogerdahlSardineCanTrain2012,
  title = {Sardine {{Can Train}}},
  author = {{Roger Dahl}},
  date = {2012-09-02},
  url = {https://www.japantimes.co.jp/opinion/2012/09/02/cartoons/ca20120902rd-zg766-sardinecantrain-jpg/},
  urldate = {2024-04-11},
  file = {C:\Users\Ben\Zotero\storage\NUTNGRJZ\sardine train.jpg}
}

@article{sakanoStructuralModelModeactivity2011,
  title = {A Structural Model of Mode-Activity Choice: {{The}} Case of Commuter Rail in a Medium-Size Metropolitan Area},
  shorttitle = {A Structural Model of Mode-Activity Choice},
  author = {Sakano, Ryoichi and Benjamin, Julian},
  date = {2011-03},
  journaltitle = {Transport Policy},
  volume = {18},
  number = {2},
  pages = {434--445},
  issn = {0967070X},
  doi = {10.1016/j.tranpol.2010.09.008},
  url = {https://linkinghub.elsevier.com/retrieve/pii/S0967070X10001174},
  urldate = {2024-02-28},
  langid = {english},
  keywords = {Read},
  file = {C:\Users\Ben\Zotero\storage\77JBLDBR\Sakano and Benjamin - 2011 - A structural model of mode-activity choice The ca.pdf}
}

@article{silvaPredictingTrafficVolumes2015,
  title = {Predicting Traffic Volumes and Estimating the Effects of Shocks in Massive Transportation Systems},
  author = {Silva, Ricardo and Kang, Soong Moon and Airoldi, Edoardo M.},
  date = {2015-05-05},
  journaltitle = {Proc. Natl. Acad. Sci. U.S.A.},
  volume = {112},
  number = {18},
  pages = {5643--5648},
  issn = {0027-8424, 1091-6490},
  doi = {10.1073/pnas.1412908112},
  url = {https://pnas.org/doi/full/10.1073/pnas.1412908112},
  urldate = {2024-03-10},
  langid = {english},
  file = {C:\Users\Ben\Zotero\storage\JPZEAQSU\Silva et al. - 2015 - Predicting traffic volumes and estimating the effe.pdf}
}

@online{SpikeMapD32023,
  title = {Spike Map / {{D3}}},
  date = {2023},
  url = {https://observablehq.com/@d3/spike-map/2},
  urldate = {2024-03-14},
  file = {C:\Users\Ben\Zotero\storage\N447HQY3\2.html}
}

@online{StdAtomicStd2023,
  title = {Std::Atomic{$<$}std::Shared\_ptr{$>$} - Cppreference.Com},
  date = {2023-07-25},
  url = {https://en.cppreference.com/w/cpp/memory/shared_ptr/atomic2},
  urldate = {2024-06-20},
  file = {C:\Users\Ben\Zotero\storage\RT5ZTYGQ\atomic2.html}
}

@inproceedings{talasilaMultimodalTransitScheduler2017,
  title = {Multimodal Transit Scheduler: {{An}} Actor-Based Concurrent Approach},
  shorttitle = {Multimodal Transit Scheduler},
  booktitle = {2017 {{IEEE}} 20th {{International Conference}} on {{Intelligent Transportation Systems}} ({{ITSC}})},
  author = {Talasila, Prasad and Haldar, Aparajita and Pai, Suhas S. and Goveas, Neena and Deshpande, Bharat M.},
  date = {2017-10},
  pages = {1--6},
  publisher = {IEEE},
  location = {Yokohama},
  doi = {10.1109/ITSC.2017.8317855},
  url = {http://ieeexplore.ieee.org/document/8317855/},
  urldate = {2024-03-08},
  eventtitle = {2017 {{IEEE}} 20th {{International Conference}} on {{Intelligent Transportation Systems}} ({{ITSC}})},
  isbn = {978-1-5386-1526-3},
  langid = {english},
  file = {C:\Users\Ben\Zotero\storage\4KUNXQER\Talasila et al. - 2017 - Multimodal transit scheduler An actor-based concu.pdf}
}

@inproceedings{talasilaTransitTimetablesMultilayer2018,
  title = {Transit Timetables as Multi-Layer Networks},
  booktitle = {2018 10th {{International Conference}} on {{Communication Systems}} \& {{Networks}} ({{COMSNETS}})},
  author = {Talasila, Prasad and Asifullah, Shaik and Goveas, Neena and Deshpande, Bharat},
  date = {2018-01},
  pages = {625--630},
  publisher = {IEEE},
  location = {Bengaluru},
  doi = {10.1109/COMSNETS.2018.8328285},
  url = {http://ieeexplore.ieee.org/document/8328285/},
  urldate = {2024-03-06},
  eventtitle = {2018 10th {{International Conference}} on {{Communication Systems}} \& {{Networks}} ({{COMSNETS}})},
  isbn = {978-1-5386-1182-1},
  langid = {english},
  file = {C:\Users\Ben\Zotero\storage\CBGGCYHR\Talasila et al. - 2018 - Transit timetables as multi-layer networks.pdf}
}

@software{tenkanenHTenkanenTransx2gtfs2024,
  title = {{{HTenkanen}}/Transx2gtfs},
  author = {Tenkanen, Henrikki},
  date = {2024-02-01T06:00:54Z},
  origdate = {2020-01-23T11:59:06Z},
  url = {https://github.com/HTenkanen/transx2gtfs},
  urldate = {2024-06-26}
}

@software{thepandasdevelopmentteamPandasdevPandasPandas2024,
  title = {Pandas-Dev/Pandas: {{Pandas}}},
  shorttitle = {Pandas-Dev/Pandas},
  author = {{The pandas development team}},
  date = {2024-06-23T12:56:57Z},
  doi = {10.5281/zenodo.3509134},
  url = {https://github.com/pandas-dev/pandas},
  urldate = {2024-06-23}
}

@online{therustprojectdevelopersArcStdSync2024,
  title = {Arc in Std::Sync - {{Rust}}},
  author = {{The Rust Project Developers}},
  date = {2024-06-16},
  url = {https://doc.rust-lang.org/std/sync/struct.Arc.html},
  urldate = {2024-06-20},
  file = {C:\Users\Ben\Zotero\storage\2KDIJAP9\struct.Arc.html}
}

@online{therustprojectdevelopersRustProgrammingLanguage2024,
  title = {Rust {{Programming Language}}},
  author = {{The Rust Project Developers}},
  date = {2024-06-07},
  url = {https://www.rust-lang.org/},
  urldate = {2024-06-11},
  langid = {american},
  file = {C:\Users\Ben\Zotero\storage\EB8Z2C8N\www.rust-lang.org.html}
}

@online{therustprojectdevelopersStdRcRust2024,
  title = {Std::Rc - {{Rust}}},
  author = {{The Rust Project Developers}},
  date = {2024},
  url = {https://doc.rust-lang.org/std/rc/index.html},
  urldate = {2024-06-20},
  file = {C:\Users\Ben\Zotero\storage\FFMXH4RI\index.html}
}

@online{transportforlondonOurOpenData2024,
  title = {Our Open Data},
  author = {{Transport for London}},
  date = {2024},
  url = {https://tfl.gov.uk/info-for/open-data-users/our-open-data},
  urldate = {2024-06-26},
  langid = {british},
  file = {C:\Users\Ben\Zotero\storage\ARU49HFA\open-data-users.html}
}

@article{turnerAxialRoadCentreLines2007,
  title = {From {{Axial}} to {{Road-Centre Lines}}: {{A New Representation}} for {{Space Syntax}} and a {{New Model}} of {{Route Choice}} for {{Transport Network Analysis}}},
  shorttitle = {From {{Axial}} to {{Road-Centre Lines}}},
  author = {Turner, Alasdair},
  date = {2007-06},
  journaltitle = {Environ Plann B Plann Des},
  volume = {34},
  number = {3},
  pages = {539--555},
  issn = {0265-8135, 1472-3417},
  doi = {10.1068/b32067},
  url = {http://journals.sagepub.com/doi/10.1068/b32067},
  urldate = {2024-03-06},
  langid = {english},
  file = {C:\Users\Ben\Zotero\storage\GZN579GV\Turner - 2007 - From Axial to Road-Centre Lines A New Representat.pdf}
}

@article{vanweeAttitudeChangesModelling2022,
  title = {Attitude Changes, Modelling Travel Behaviour, and Ex Ante Project Evaluations},
  author = {Van Wee, Bert and Kroesen, Maarten},
  date = {2022-12},
  journaltitle = {Transportation Research Interdisciplinary Perspectives},
  volume = {16},
  pages = {100724},
  issn = {25901982},
  doi = {10.1016/j.trip.2022.100724},
  url = {https://linkinghub.elsevier.com/retrieve/pii/S2590198222001841},
  urldate = {2024-02-24},
  langid = {english},
  file = {C:\Users\Ben\Zotero\storage\H3BMF6JT\Van Wee and Kroesen - 2022 - Attitude changes, modelling travel behaviour, and .pdf}
}

@article{venglarValidationSimulationSoftware1995,
  title = {Validation of {{Simulation Software}} for {{Modeling Light Rail Transit}}},
  author = {Venglar, S. and Fambro, D. and Bauer, T.},
  date = {1995},
  journaltitle = {Transportation Research Record},
  pages = {161--166},
  file = {C:\Users\Ben\Zotero\storage\A6ZAYT4F\Venglar et al. - 1995 - Validation of Simulation Software for Modeling Lig.pdf}
}

@online{VICSIGSuburbanTrains2024,
  title = {{{VICSIG}} - {{Suburban Trains}} - {{X}}'{{Trapolis}}},
  shorttitle = {X'{{Trapolis}}},
  date = {2024-04-05},
  url = {https://vicsig.net/suburban/train/X'Trapolis},
  urldate = {2024-06-24},
  organization = {VICSIG},
  file = {C:\Users\Ben\Zotero\storage\QFS4THT9\X'Trapolis.html}
}

@report{victoriandepartmentoftransportandplanningDepartmentTransportPlanning2023,
  type = {Annual},
  title = {Department of {{Transport}} and {{Planning}}: {{Annual Report}}},
  author = {{Victorian Department of Transport and Planning}},
  date = {2023-12-06},
  number = {1},
  pages = {262},
  url = {https://content.vic.gov.au/sites/default/files/2023-11/Department-of-Transport-and-Planning-Annual-Report-2022-23-(accessible).pdf},
  urldate = {2024-03-09},
  file = {C:\Users\Ben\Zotero\storage\24QYRQUA\Department-of-Transport-and-Planning-Annual-Report-2022-23-(accessible).pdf}
}

@dataset{victoriandepartmentoftransportandplanningTimetableGeographicInformation2024,
  title = {Timetable and {{Geographic Information}} - {{GTFS}} - {{Victorian Government Data Directory}}},
  author = {{Victorian Department of Transport and Planning}},
  date = {2024-06-13},
  url = {https://discover.data.vic.gov.au/dataset/timetable-and-geographic-information-gtfs},
  urldate = {2024-06-26},
  langid = {australian},
  file = {C:\Users\Ben\Zotero\storage\6AJ5YJH2\timetable-and-geographic-information-gtfs.html}
}

@dataset{victoriandepartmentoftransportandplanningTrainServicePassenger2024,
  type = {CSV},
  title = {Train {{Service Passenger Counts}} - {{Victorian Government Data Directory}}},
  author = {{Victorian Department of Transport and Planning}},
  date = {2024-06-13},
  url = {https://discover.data.vic.gov.au/dataset/train-service-passenger-counts},
  urldate = {2024-06-23},
  langid = {australian},
  file = {C:\Users\Ben\Zotero\storage\JANRP7DU\train-service-passenger-counts.html}
}

@report{victorianparliamentarybudgetofficeSuburbanRailLoop2024,
  title = {Suburban {{Rail Loop}} | {{Cost}} to Build and Operate {{East}} and {{North}} Sections},
  author = {{Victorian Parliamentary Budget Office}},
  date = {2024},
  url = {https://static.pbo.vic.gov.au/files/PBO_Suburban-Rail-Loop-East-and-North-build-and-operate-costs_PUBLICATION.pdf},
  urldate = {2024-06-12}
}

@software{VisglDeckGl2024,
  title = {Visgl/Deck.Gl},
  date = {2024-06-21T06:03:35Z},
  origdate = {2015-12-15T08:38:29Z},
  url = {https://github.com/visgl/deck.gl},
  urldate = {2024-06-21},
  organization = {Vis.gl},
  keywords = {data-visualization,geospatial-analysis,javascript,maps,python,visualization,webgl}
}

@inproceedings{wangEfficientRoutePlanning2015,
  title = {Efficient {{Route Planning}} on {{Public Transportation Networks}}: {{A Labelling Approach}}},
  shorttitle = {Efficient {{Route Planning}} on {{Public Transportation Networks}}},
  booktitle = {Proceedings of the 2015 {{ACM SIGMOD International Conference}} on {{Management}} of {{Data}}},
  author = {Wang, Sibo and Lin, Wenqing and Yang, Yi and Xiao, Xiaokui and Zhou, Shuigeng},
  date = {2015-05-27},
  pages = {967--982},
  publisher = {ACM},
  location = {Melbourne Victoria Australia},
  doi = {10.1145/2723372.2749456},
  url = {https://dl.acm.org/doi/10.1145/2723372.2749456},
  urldate = {2024-03-06},
  eventtitle = {{{SIGMOD}}/{{PODS}}'15: {{International Conference}} on {{Management}} of {{Data}}},
  isbn = {978-1-4503-2758-9},
  langid = {english},
  file = {C:\Users\Ben\Zotero\storage\Q4B2FFIY\Wang et al. - 2015 - Efficient Route Planning on Public Transportation .pdf}
}

@article{wangMesoscopicModellingAnalysis2019,
  title = {Mesoscopic Modelling and Analysis of Traffic Flow Based on Stationary Observations},
  author = {Wang, Yimin and He, Zhaocheng},
  date = {2019},
  journaltitle = {Procedia Computer Science},
  volume = {151},
  pages = {800--807},
  issn = {18770509},
  doi = {10.1016/j.procs.2019.04.109},
  url = {https://linkinghub.elsevier.com/retrieve/pii/S1877050919305721},
  urldate = {2024-03-11},
  langid = {english},
  file = {C:\Users\Ben\Zotero\storage\LMURW2AR\Wang and He - 2019 - Mesoscopic modelling and analysis of traffic flow .pdf}
}

@article{wangStatisticalMechanicalApproach1998,
  title = {Statistical Mechanical Approach to {{Fukui-Ishibashi}} Traffic Flow Models},
  author = {Wang, Bing-Hong and Kwong, Yvonne-Roamy and Hui, Pak-Ming},
  date = {1998-03},
  journaltitle = {Phys. Rev. E},
  volume = {57},
  number = {3},
  pages = {2568--2573},
  issn = {1063-651X, 1095-3787},
  doi = {10.1103/PhysRevE.57.2568},
  url = {https://link.aps.org/doi/10.1103/PhysRevE.57.2568},
  urldate = {2024-03-11},
  langid = {english},
  file = {C:\Users\Ben\Zotero\storage\TBX4P8BZ\Wang et al. - 1998 - Statistical mechanical approach to Fukui-Ishibashi.pdf}
}

@article{wangUnderstandingRoadUsage2012,
  title = {Understanding {{Road Usage Patterns}} in {{Urban Areas}}},
  author = {Wang, Pu and Hunter, Timothy and Bayen, Alexandre M. and Schechtner, Katja and González, Marta C.},
  date = {2012-12-20},
  journaltitle = {Sci Rep},
  volume = {2},
  number = {1},
  pages = {1001},
  issn = {2045-2322},
  doi = {10.1038/srep01001},
  url = {https://www.nature.com/articles/srep01001},
  urldate = {2024-03-14},
  langid = {english},
  file = {C:\Users\Ben\Zotero\storage\FESSCWQ8\Wang et al. - 2012 - Understanding Road Usage Patterns in Urban Areas.pdf}
}

@article{wardmanTwentyYearsRail2011,
  title = {Twenty {{Years}} of {{Rail Crowding Valuation Studies}}: {{Evidence}} and {{Lessons}} from {{British Experience}}},
  shorttitle = {Twenty {{Years}} of {{Rail Crowding Valuation Studies}}},
  author = {Wardman, Mark and Whelan, Gerard},
  date = {2011-05},
  journaltitle = {Transport Reviews},
  volume = {31},
  number = {3},
  pages = {379--398},
  issn = {0144-1647, 1464-5327},
  doi = {10.1080/01441647.2010.519127},
  url = {http://www.tandfonline.com/doi/abs/10.1080/01441647.2010.519127},
  urldate = {2024-06-23},
  langid = {english},
  file = {C:\Users\Ben\Zotero\storage\GQGJURB5\Wardman and Whelan - 2011 - Twenty Years of Rail Crowding Valuation Studies E.pdf}
}

@article{wattsCollectiveDynamicsSmallworld1998,
  title = {Collective Dynamics of ‘Small-World’ Networks},
  author = {Watts, Duncan J and Strogatz, Steven H},
  date = {1998},
  volume = {393},
  langid = {english},
  file = {C:\Users\Ben\Zotero\storage\YCDGM3NE\Watts and Strogatz - 1998 - Collective dynamics of ‘small-world’ networks.pdf}
}

@online{WaymoAdvancesAI,
  title = {Waymo Advances {{AI}} Research with Our Multifunctional {{Waymax}} Simulator},
  url = {https://waymo.com/blog/2023/10/waymo-advances-ai-research-with-our-multifunctional-waymax-simulator},
  urldate = {2024-04-14},
  langid = {english},
  organization = {Waymo},
  file = {C:\Users\Ben\Zotero\storage\UUYNZF3S\waymo-advances-ai-research-with-our-multifunctional-waymax-simulator.html}
}

@article{wignallDevelopmentRailPath2022,
  title = {The {{Development}} of {{Rail Path Modelling}}},
  author = {Wignall, Don},
  date = {2022},
  langid = {english},
  file = {C:\Users\Ben\Zotero\storage\ABHTCMB9\Wignall - 2022 - The Development of Rail Path Modelling.pdf}
}

@article{wongTRAFNETSIMHowIt1990,
  title = {{{TRAF-NETSIM}}: {{How It Works}}, {{What It Does}}},
  author = {Wong, Shui-Ying},
  date = {1990-04},
  journaltitle = {ITE Journal},
  volume = {60},
  number = {4},
  pages = {22--27},
  langid = {english},
  file = {C:\Users\Ben\Zotero\storage\PBMQI9XY\Wong - How It Works,What It Does.pdf}
}

@article{yapImprovingPredictionsPublic2018,
  title = {Improving Predictions of Public Transport Usage during Disturbances Based on Smart Card Data},
  author = {Yap, M.D. and Nijënstein, S. and Van Oort, N.},
  date = {2018-01},
  journaltitle = {Transport Policy},
  volume = {61},
  pages = {84--95},
  issn = {0967070X},
  doi = {10.1016/j.tranpol.2017.10.010},
  url = {https://linkinghub.elsevier.com/retrieve/pii/S0967070X16307648},
  urldate = {2024-03-05},
  langid = {english},
  file = {C:\Users\Ben\Zotero\storage\LGATJ5FC\Yap et al. - 2018 - Improving predictions of public transport usage du.pdf}
}

@article{yinModelingSimulatingPassenger2016,
  title = {Modeling and {{Simulating Passenger Behavior}} for a {{Station Closure}} in a {{Rail Transit Network}}},
  author = {Yin, Haodong and Han, Baoming and Li, Dewei and Wu, Jianjun and Sun, Huijun},
  editor = {Song, Houbing},
  date = {2016-12-09},
  journaltitle = {PLoS ONE},
  volume = {11},
  number = {12},
  pages = {e0167126},
  issn = {1932-6203},
  doi = {10.1371/journal.pone.0167126},
  url = {https://dx.plos.org/10.1371/journal.pone.0167126},
  urldate = {2024-02-26},
  langid = {english},
  file = {C:\Users\Ben\Zotero\storage\Y3JG76ML\Yin et al. - 2016 - Modeling and Simulating Passenger Behavior for a S.pdf}
}

@article{zannatDevelopingAgentbasedMicrosimulation2024,
  title = {Developing an Agent-Based Microsimulation for Predicting the {{Bus Rapid Transit}} ({{BRT}}) Demand in Developing Countries: {{A}} Case Study of {{Dhaka}}, {{Bangladesh}}},
  shorttitle = {Developing an Agent-Based Microsimulation for Predicting the {{Bus Rapid Transit}} ({{BRT}}) Demand in Developing Countries},
  author = {Zannat, Khatun and Laudan, Janek and Choudhury, Charisma and Hess, Stephane},
  date = {2024-03},
  journaltitle = {Transport Policy},
  volume = {148},
  pages = {92--106},
  issn = {0967070X},
  doi = {10.1016/j.tranpol.2023.12.014},
  url = {https://linkinghub.elsevier.com/retrieve/pii/S0967070X23003426},
  urldate = {2024-02-28},
  langid = {english},
  file = {C:\Users\Ben\Zotero\storage\4IVPGK59\Zannat et al. - 2024 - Developing an agent-based microsimulation for pred.pdf}
}

@article{zhangAnalysisPublicTransit2023,
  title = {Analysis of Public Transit Operation Efficiency Based on Multi-Source Data: {{A}} Case Study in {{Brisbane}}, {{Australia}}},
  shorttitle = {Analysis of Public Transit Operation Efficiency Based on Multi-Source Data},
  author = {Zhang, Xuexuan and Wu, Yong},
  date = {2023-01},
  journaltitle = {Research in Transportation Business \& Management},
  volume = {46},
  pages = {100859},
  issn = {22105395},
  doi = {10.1016/j.rtbm.2022.100859},
  url = {https://linkinghub.elsevier.com/retrieve/pii/S2210539522000803},
  urldate = {2024-02-28},
  langid = {english},
  file = {C:\Users\Ben\Zotero\storage\SCMKMTYM\Zhang and Wu - 2023 - Analysis of public transit operation efficiency ba.pdf}
}
